@article{balakrishnan2018hypothesis,
	Author = {Sivaraman Balakrishnan and Larry Wasserman},
	Date-Added = {2021-04-02 11:30:10 -0400},
	Date-Modified = {2021-04-02 11:30:31 -0400},
	Journal = {The Annals of Applied Statistics},
	Number = {2},
	Pages = {727 -- 749},
	Title = {{Hypothesis testing for high-dimensional multinomials: A selective review}},
	Volume = {12},
	Year = {2018},
	Bdsk-Url-1 = {https://doi.org/10.1214/18-AOAS1155SF}}

@article{niyogi2008finding,
	Author = {Niyogi, Partha and Smale, Stephen and Weinberger, Shmuel},
	Journal = {Discrete \& Computational Geometry},
	Number = {1},
	Pages = {419--441},
	Title = {Finding the Homology of Submanifolds with High Confidence from Random Samples},
	Volume = {39},
	Year = {2008}}

@inproceedings{balakrishnan2013cluster,
	Author = {Balakrishnan, Sivaraman and Narayanan, Srivatsan and Rinaldo, Alessandro and Singh, Aarti and Wasserman, Larry},
	Booktitle = {Advances in Neural Information Processing Systems},
	Title = {Cluster Trees on Manifolds},
	Volume = {26},
	Year = {2013}}

@inproceedings{balakrishnan2012minimax,
	Author = {Sivaraman Balakrishnan and Alesandro Rinaldo and Don Sheehy and Aarti Singh and Larry Wasserman},
	Booktitle = {International Conference on Artificial Intelligence and Statistics},
	Title = {Minimax rates for homology inference},
	Volume = {22},
	Year = {2012}}

@article{kim2020minimax,
	Author = {Ilmun Kim and Sivaraman Balakrishnan and Larry Wasserman},
	Journal = {arXiv preprint arXiv:2003.13208},
	Title = {Minimax optimality of permutation tests},
	Year = {2020}}

@article{ariascastro2018,
	Author = {Arias-Castro, Ery and Pelletier, Bruno and Saligrama, Venkatesh},
	Journal = {Journal of Nonparametric Statistics},
	Number = {2},
	Pages = {448--471},
	Publisher = {Taylor \& Francis},
	Title = {Remember the curse of dimensionality: the case of goodness-of-fit testing in arbitrary dimension},
	Volume = {30},
	Year = {2018}}

@article{belkin2003,
	Author = {Belkin, Mikhail and Niyogi, Partha},
	Journal = {Neural computation},
	Number = {6},
	Pages = {1373--1396},
	Title = {Laplacian eigenmaps for dimensionality reduction and data representation},
	Volume = {15},
	Year = {2003}}

@incollection{bickel2007,
	Author = {Bickel, Peter J and Li, Bo},
	Booktitle = {Complex datasets and inverse problems},
	Pages = {177--186},
	Publisher = {Institute of Mathematical Statistics},
	Title = {Local polynomial regression on unknown manifolds},
	Volume = {54},
	Year = {2007}}

@article{birge1993,
	Author = {Birg{\'e}, Lucien and Massart, Pascal},
	Journal = {Probability Theory and Related Fields},
	Number = {1-2},
	Pages = {113--150},
	Publisher = {Springer},
	Title = {Rates of convergence for minimum contrast estimators},
	Volume = {97},
	Year = {1993}}

@article{birge1998,
	Author = {Birg{\'e}, Lucien and Massart, Pascal},
	Journal = {Bernoulli},
	Number = {3},
	Pages = {329--375},
	Publisher = {Bernoulli Society for Mathematical Statistics and Probability},
	Title = {Minimum contrast estimators on sieves: exponential bounds and rates of convergence},
	Volume = {4},
	Year = {1998}}

@article{burago2014,
	Author = {Dmitri Burago and Sergei Ivanov and Yaroslav Kurylev},
	Journal = {Journal of Spectral Theory},
	Number = {4},
	Pages = {675--714},
	Title = {A graph discretization of the {Laplace-Beltrami} operator},
	Volume = {4},
	Year = {2014}}

@article{calder2019,
	Author = {Calder, Jeff and Garc{\'\i}a Trillos, Nicol{\'a}s},
	Journal = {arXiv preprint arXiv:1910.13476},
	Title = {Improved spectral convergence rates for graph {Laplacians on epsilon-graphs and k-NN graphs}},
	Year = {2019}}

@inproceedings{gretton2007,
	Author = {Gretton, Arthur and Borgwardt, Karsten M and Rasch, Malte and Sch{\"o}lkopf, Bernhard and Smola, Alex J},
	Booktitle = {Advances in neural information processing systems},
	Pages = {513--520},
	Title = {A kernel method for the two-sample-problem},
	Year = {2007}}

@inproceedings{hutter2016,
	Author = {Jan-Christian H{\"u}tter and Philippe Rigollet},
	Booktitle = {Conference on Learning Theory},
	Title = {Optimal rates for total variation denoising},
	Volume = {29},
	Year = {2016}}

@article{ingster2009,
	Author = {Ingster, Yuri I. and Sapatinas, Theofanis},
	Journal = {Mathematical Methods of Statistics},
	Number = {3},
	Pages = {241--269},
	Title = {Minimax goodness-of-fit testing in multivariate nonparametric regression},
	Volume = {18},
	Year = {2009}}

@inproceedings{liu2019,
	Author = {Liu, Meimei and Shang, Zuofeng and Cheng, Guang},
	Booktitle = {Conference on Learning Theory},
	Title = {Sharp Theoretical Analysis for Nonparametric Testing under Random Projection},
	Volume = {32},
	Year = {2019}}

@article{padilla2018,
	Author = {Padilla, Oscar Hernan Madrid and Sharpnack, James and Chen, Yanzhen and Witten, Daniela M},
	Journal = {arXiv preprint arXiv:1807.11641},
	Title = {Adaptive Non-Parametric Regression With the $ K $-NN Fused Lasso},
	Year = {2018}}

@inproceedings{sadhanala2016,
	Author = {Sadhanala, Veeranjaneyulu and Wang, Yu-Xiang and Tibshirani, Ryan J.},
	Booktitle = {Advances in Neural Information Processing Systems},
	Title = {Total variation classes beyond 1d: Minimax rates, and the limitations of linear smoothers},
	Volume = {29},
	Year = {2016}}

@inproceedings{sadhanala2017,
	Author = {Sadhanala, Veeranjaneyulu and Wang, Yu-Xiang and Sharpnack, James and Tibshirani, Ryan J.},
	Booktitle = {Advances in Neural Information Processing Systems},
	Title = {Higher-order total variation classes on grids: Minimax theory and trend filtering methods},
	Volume = {30},
	Year = {2017}}

@incollection{smola2003,
	Author = {Smola, Alexander J. and Kondor, Risi},
	Booktitle = {Learning Theory and Kernel Machines},
	Pages = {144--158},
	Publisher = {Springer},
	Title = {Kernels and regularization on graphs},
	Year = {2003}}

@article{trillos2018,
	Author = {Garc{\'\i}a Trillos, Nicol{\'a}s and Slep{\v{c}}ev, Dejan},
	Journal = {Applied and Computational Harmonic Analysis},
	Number = {2},
	Pages = {239--281},
	Title = {A variational approach to the consistency of spectral clustering},
	Volume = {45},
	Year = {2018}}

@article{trillos2019,
	Author = {Garc{\'\i}a Trillos, Nicol{\'a}s and Gerlach, Moritz and Hein, Matthias and Slepcev, Dejan},
	Journal = {Foundations of Computational Mathematics},
	Pages = {1--61},
	Title = {Error Estimates for Spectral Convergence of the Graph {Laplacian} on Random Geometric Graphs Toward the {Laplace--Beltrami} Operator},
	Volume = {20},
	Year = {2019}}

@book{tsybakov2008_book,
	Author = {Tsybakov, Alexandre B.},
	Publisher = {Springer},
	Title = {Introduction to Nonparametric Estimation},
	Year = {2008}}

@article{balakrishnan2019,
	Author = {Balakrishnan, Sivaraman and Wasserman, Larry},
	Journal = {Annals of Statistics},
	Number = {4},
	Pages = {1893--1927},
	Title = {Hypothesis testing for densities and high-dimensional multinomials: Sharp local minimax rates},
	Volume = {47},
	Year = {2019}}

@book{vandergeer2000,
	Author = {van de Geer, Sara},
	Publisher = {Cambridge University Press},
	Title = {Empirical Processes in M-estimation},
	Year = {2000}}

@inproceedings{abbasi-yadkori2016,
	Author = {Yasin Abbasi-Yadkori and Peter Bartlett and Victor Gabillon and Alan Malek},
	Booktitle = {Proceedings of the 20th International Conference on Artificial Intelligence and Statistics},
	Pages = {888--895},
	Title = {{Hit-and-Run for Sampling and Planning in Non-Convex Spaces}},
	Year = {2017}}

@article{vempala2005,
	Author = {Vempala, Santosh},
	Booktitle = {Combinatorial and computational geometry},
	Number = {2},
	Title = {Geometric random walks: a survey},
	Volume = {52},
	Year = {2005}}

@article{abbasi-yadkori2016a,
	Author = {Abbasi-Yadkori, Yasin},
	Journal = {arXiv preprint arXiv:1611.09252},
	Title = {Fast Mixing Random Walks and Regularity of Incompressible Vector Fields},
	Year = {2016}}

@article{dyer1991,
	Author = {Dyer, Martin and Frieze, Alan and Kannan, Ravi},
	Journal = {Journal of the ACM (JACM)},
	Number = {1},
	Pages = {1--17},
	Title = {A random polynomial-time algorithm for approximating the volume of convex bodies},
	Volume = {38},
	Year = {1991}}

@incollection{wu2012,
	Author = {{Xiao-Ming} Wu and Li, Zhenguo and Anthony M. So and Wright, John and Shih-fu Chang},
	Booktitle = {Advances in Neural Information Processing Systems 25},
	Pages = {3077--3085},
	Publisher = {Curran Associates, Inc.},
	Title = {Learning with Partially Absorbing Random Walks},
	Year = {2012}}

@inproceedings{gleich2012,
	Author = {Gleich, David F and Seshadhri, C},
	Booktitle = {Proceedings of the 18th ACM SIGKDD international conference on Knowledge discovery and data mining},
	Organization = {ACM},
	Pages = {597--605},
	Title = {Vertex neighborhoods, low conductance cuts, and good seeds for local community methods},
	Year = {2012}}

@inproceedings{andersen2012,
	Author = {Andersen, Reid and Gleich, David F and Mirrokni, Vahab},
	Booktitle = {Proceedings of the fifth ACM international conference on Web search and data mining},
	Organization = {ACM},
	Pages = {273--282},
	Title = {Overlapping clusters for distributed computation},
	Year = {2012}}

@article{ting2011,
	Author = {Ting, Daniel and Huang, Ling and Jordan, Michael},
	Journal = {arXiv preprint arXiv:1101.5435},
	Title = {An analysis of the convergence of graph Laplacians},
	Year = {2011}}

@incollection{mikhail2007,
	Author = {Belkin, Mikhail and Partha Niyogi},
	Booktitle = {Advances in Neural Information Processing Systems 19},
	Editor = {B. Sch\"{o}lkopf and J. C. Platt and T. Hoffman},
	Pages = {129--136},
	Publisher = {MIT Press},
	Title = {Convergence of Laplacian Eigenmaps},
	Url = {http://papers.nips.cc/paper/2989-convergence-of-laplacian-eigenmaps.pdf},
	Year = {2007},
	Bdsk-Url-1 = {http://papers.nips.cc/paper/2989-convergence-of-laplacian-eigenmaps.pdf}}

@article{coiffman2006,
	Author = {Ronald R. Coifman and Stephane Lafon},
	Journal = {Applied and Computational Harmonic Analysis},
	Note = {Special Issue: Diffusion Maps and Wavelets},
	Number = {1},
	Pages = {5-3},
	Title = {Diffusion maps},
	Volume = {21},
	Year = {2006}}

@inproceedings{andersen2009,
	Acmid = {1536449},
	Address = {New York, NY, USA},
	Author = {Andersen, Reid and Peres, Yuval},
	Booktitle = {Proceedings of the Forty-first Annual ACM Symposium on Theory of Computing},
	Location = {Bethesda, MD, USA},
	Numpages = {10},
	Pages = {235--244},
	Publisher = {ACM},
	Series = {STOC '09},
	Title = {Finding Sparse Cuts Locally Using Evolving Sets},
	Year = {2009}}

@inproceedings{gharan2012,
	Author = {Gharan, Shayan Oveis and Trevisan, Luca},
	Booktitle = {Proceedings of the 2012 IEEE 53rd Annual Symposium on Foundations of Computer Science (FOCS)},
	Organization = {IEEE},
	Pages = {187--196},
	Title = {Approximating the expansion profile and almost optimal local graph clustering},
	Year = {2012}}

@article{steinwart2015,
	Author = {Steinwart, Ingo},
	Date-Added = {2018-10-04 15:06:01 -0400},
	Date-Modified = {2018-10-04 15:06:09 -0400},
	Journal = {Ann. Statist.},
	Month = {10},
	Number = {5},
	Pages = {2132--2167},
	Title = {Fully adaptive density-based clustering},
	Volume = {43},
	Year = {2015}}

@article{vempala2004,
	Author = {Santosh Vempala and Grant Wang},
	Date-Added = {2018-10-04 13:46:51 -0400},
	Date-Modified = {2018-10-04 13:47:01 -0400},
	Journal = {Journal of Computer and System Sciences},
	Number = {4},
	Pages = {841 - 860},
	Title = {A spectral algorithm for learning mixture models},
	Volume = {68},
	Year = {2004}}

@inproceedings{hein2005,
	Author = {Hein, Matthias and Audibert, Jean-Yves and von Luxburg, Ulrike},
	Booktitle = {Learning Theory},
	Date-Added = {2018-10-04 13:37:39 -0400},
	Date-Modified = {2018-10-04 13:37:51 -0400},
	Title = {From Graphs to Manifolds -- Weak and Strong Pointwise Consistency of Graph Laplacians},
	Year = {2005}}

@article{hartigan1981,
	Author = {John A. Hartigan},
	Date-Added = {2018-10-04 13:33:51 -0400},
	Date-Modified = {2018-10-04 13:34:50 -0400},
	Journal = {Journal of the American Statistical Association},
	Title = {Consistency of Single-Linkage for High-Density Clusters},
	Year = {1981}}

@incollection{balakrishnan2011,
	Author = {Balakrishnan, Sivaraman and Xu, Min and Krishnamurthy, Akshay and Singh, Aarti},
	Booktitle = {Advances in Neural Information Processing Systems 24},
	Date-Added = {2018-10-04 13:12:58 -0400},
	Date-Modified = {2018-10-04 13:13:07 -0400},
	Publisher = {Curran Associates, Inc.},
	Title = {Noise Thresholds for Spectral Clustering},
	Year = {2011}}

@inproceedings{kamalika2012,
	Author = {Chaudhuri, Kamalika and Graham, Fan Chung and Tsiatas, Alexander},
	Booktitle = {COLT},
	Date-Added = {2018-10-04 13:12:04 -0400},
	Date-Modified = {2018-10-04 13:12:20 -0400},
	Pages = {35.1-35.23},
	Title = {Spectral Clustering of Graphs with General Degrees in the Extended Planted Partition Model.},
	Volume = 23,
	Year = {2012}}

@article{abbe2018,
	Author = {Emmanuel Abbe},
	Date-Added = {2018-10-04 13:10:49 -0400},
	Date-Modified = {2018-10-04 13:10:58 -0400},
	Journal = {Foundations and Trends{\textregistered} in Communications and Information Theory},
	Number = {1-2},
	Pages = {1-162},
	Title = {Community Detection and Stochastic Block Models},
	Volume = {14},
	Year = {2018}}

@inproceedings{mcsherry2001,
	Author = {McSherry, Frank},
	Booktitle = {Proceedings of the 42nd IEEE Symposium on Foundations of Computer Science (FOCS)},
	Pages = {529-537},
	Title = {Spectral Partitioning of Random Graphs},
	Year = {2001}}

@article{luxburg2007,
	Author = {von Luxburg, Ulrike},
	Date-Added = {2018-10-04 13:05:44 -0400},
	Date-Modified = {2018-10-04 13:06:42 -0400},
	Journal = {Statistics and Computing},
	Month = dec,
	Number = {4},
	Pages = {395--416},
	Title = {A Tutorial on Spectral Clustering},
	Volume = {17},
	Year = {2007}}

@inproceedings{tolliver2006,
	Author = {David Tolliver and Gary L. Miller},
	Booktitle = {Computer Vision and Pattern Recognition,CVPR},
	Date-Added = {2018-10-04 13:04:11 -0400},
	Date-Modified = {2018-10-04 13:04:19 -0400},
	Pages = {1053-1060},
	Title = {Graph Partitioning by Spectral Rounding: Applications in Image Segmentation and Clustering},
	Volume = {1},
	Year = {2006}}

@article{donath1973,
	Author = {Donath, W. E. and Hoffman, A. J.},
	Date-Added = {2018-10-04 13:02:32 -0400},
	Date-Modified = {2018-10-04 13:02:46 -0400},
	Journal = {IBM J. Res. Dev.},
	Month = sep,
	Number = {5},
	Pages = {420--425},
	Title = {Lower Bounds for the Partitioning of Graphs},
	Volume = {17},
	Year = {1973}}

@article{fiedler1973,
	Author = {Fiedler, Miroslav},
	Date-Added = {2018-10-04 13:01:42 -0400},
	Date-Modified = {2018-10-04 13:01:54 -0400},
	Journal = {Czechoslovak Mathematical Journal},
	Number = {2},
	Pages = {298-305},
	Title = {Algebraic connectivity of graphs},
	Volume = {23},
	Year = {1973}}

@inproceedings{leskovec2010,
	Author = {Leskovec, Jure and Lang, Kevin J. and Mahoney, Michael},
	Booktitle = {Proceedings of the 19th International Conference on World Wide Web},
	Date-Added = {2018-10-04 12:41:12 -0400},
	Date-Modified = {2018-10-04 12:41:26 -0400},
	Title = {Empirical Comparison of Algorithms for Network Community Detection},
	Year = {2010}}

@inproceedings{andersen2006,
	Author = {Andersen, Reid and Chung, Fan and Lang, Kevin},
	Booktitle = {Proceedings of the 47th Annual IEEE Symposium on Foundations of Computer Science (FOCS)},
	Pages = {475--486},
	Title = {Local Graph Partitioning Using PageRank Vectors},
	Year = {2006}}

@article{mahoney2012,
	Author = {Michael W. Mahoney and Lorenzo Orecchia and Nisheeth K. Vishnoi},
	Date-Added = {2018-10-04 11:21:45 -0400},
	Date-Modified = {2018-10-04 11:21:52 -0400},
	Journal = {Journal of Machine Learning Research},
	Pages = {2339--2365},
	Title = {A local spectral method for graphs: with applications to improving graph partitions and exploring data graphs locally},
	Volume = {13},
	Year = {2012}}

@article{koltchinskii2000,
	Author = {Koltchinskii, Vladimir and Gine, Evarist},
	Fjournal = {Bernoulli},
	Journal = {Bernoulli},
	Month = {02},
	Number = {1},
	Pages = {113--167},
	Publisher = {Bernoulli Society for Mathematical Statistics and Probability},
	Title = {Random matrix approximation of spectra of integral operators},
	Volume = {6},
	Year = {2000}}

@article{vonluxburg2008,
	Author = {von Luxburg, Ulrike and Belkin, Mikhail and Bousquet, Olivier},
	Journal = {Annals of Statistics},
	Number = {2},
	Pages = {555--586},
	Title = {Consistency of spectral clustering},
	Volume = {36},
	Year = {2008}}

@article{rohe2011,
	Author = {Rohe, Karl and Chatterjee, Sourav and Yu, Bin},
	Fjournal = {The Annals of Statistics},
	Journal = {Ann. Statist.},
	Month = {08},
	Number = {4},
	Pages = {1878--1915},
	Publisher = {The Institute of Mathematical Statistics},
	Title = {Spectral clustering and the high-dimensional stochastic blockmodel},
	Volume = {39},
	Year = {2011}}

@article{lei2015,
	Author = {Lei, Jing and Rinaldo, Alessandro},
	Fjournal = {The Annals of Statistics},
	Journal = {Ann. Statist.},
	Month = {02},
	Number = {1},
	Pages = {215--237},
	Publisher = {The Institute of Mathematical Statistics},
	Title = {Consistency of spectral clustering in stochastic block models},
	Volume = {43},
	Year = {2015}}

@article{shi2009,
	Author = {Shi, Tao and Belkin, Mikhail and Yu, Bin},
	Fjournal = {The Annals of Statistics},
	Journal = {Ann. Statist.},
	Month = {12},
	Number = {6B},
	Pages = {3960--3984},
	Publisher = {The Institute of Mathematical Statistics},
	Title = {Data spectroscopy: Eigenspaces of convolution operators and clustering},
	Volume = {37},
	Year = {2009}}

@article{schiebinger2015,
	Author = {Schiebinger, Geoffrey and Wainwright, Martin J. and Yu, Bin},
	Fjournal = {The Annals of Statistics},
	Journal = {Ann. Statist.},
	Month = {04},
	Number = {2},
	Pages = {819--846},
	Publisher = {The Institute of Mathematical Statistics},
	Title = {The geometry of kernelized spectral clustering},
	Volume = {43},
	Year = {2015}}

@article{singh2009,
	Author = {Singh, Aarti and Scott, Clayton and Nowak, Robert},
	Fjournal = {The Annals of Statistics},
	Journal = {Ann. Statist.},
	Month = {10},
	Number = {5B},
	Pages = {2760--2782},
	Publisher = {The Institute of Mathematical Statistics},
	Title = {Adaptive Hausdorff estimation of density level sets},
	Volume = {37},
	Year = {2009}}

@article{spielman2013,
	Author = {Spielman, Daniel A. and Teng, Shang-Hua},
	Journal = {SIAM Journal on Computing},
	Number = {1},
	Pages = {1--26},
	Publisher = {SIAM},
	Title = {A local clustering algorithm for massive graphs and its application to nearly linear time graph partitioning},
	Volume = {42},
	Year = {2013}}

@inproceedings{zhu2013,
	Author = {Zhu, Zeyuan Allen and Lattanzi, Silvio and Mirrokni, Vahab S},
	Booktitle = {Proceedings of the 30th International Conference on International Conference on Machine Learning},
	Pages = {396--404},
	Title = {A Local Algorithm for Finding Well-Connected Clusters.},
	Year = {2013}}

@article{haveliwala2003,
	Author = {Haveliwala, Taher H},
	Journal = {IEEE transactions on knowledge and data engineering},
	Number = {4},
	Pages = {784--796},
	Publisher = {IEEE},
	Title = {Topic-sensitive pagerank: A context-sensitive ranking algorithm for web search},
	Volume = {15},
	Year = {2003}}

@article{spielman2011,
	Author = {Spielman, Daniel A. and Teng, Shang-Hua},
	Journal = {SIAM Journal on Computing},
	Number = {4},
	Pages = {981--1025},
	Publisher = {SIAM},
	Title = {Spectral sparsification of graphs},
	Volume = {40},
	Year = {2011}}

@article{spielman2014,
	Author = {Spielman, Daniel A. and Teng, Shang-Hua},
	Journal = {SIAM Journal on Matrix Analysis and Applications},
	Number = {3},
	Pages = {835--885},
	Publisher = {SIAM},
	Title = {Nearly linear time algorithms for preconditioning and solving symmetric, diagonally dominant linear systems},
	Volume = {35},
	Year = {2014}}

@incollection{chaudhuri2010,
	Author = {Chaudhuri, Kamalika and Dasgupta, Sanjoy},
	Booktitle = {Advances in Neural Information Processing Systems 23},
	Pages = {343--351},
	Publisher = {Curran Associates, Inc.},
	Title = {Rates of convergence for the cluster tree},
	Year = {2010}}

@article{vonluxburg2014,
	Author = {Ulrike von Luxburg and Agnes Radl and Matthias Hein},
	Journal = {Journal of Machine Learning Research},
	Pages = {1751-1798},
	Title = {Hitting and Commute Times in Large Random Neighborhood Graphs},
	Volume = {15},
	Year = {2014}}

@inproceedings{lovasz1999,
	Acmid = {301317},
	Address = {New York, NY, USA},
	Author = {Lov\'{a}sz, L\'{a}szl\'{o} and Kannan, Ravi},
	Booktitle = {Proceedings of the Thirty-first Annual ACM Symposium on Theory of Computing},
	Isbn = {1-58113-067-8},
	Location = {Atlanta, Georgia, USA},
	Numpages = {6},
	Pages = {282--287},
	Publisher = {ACM},
	Series = {STOC '99},
	Title = {Faster Mixing via Average Conductance},
	Year = {1999}}

@article{montenegro2005,
	Author = {Montenegro, Ravi},
	Journal = {Random Structures \& Algorithms},
	Number = {1-2},
	Pages = {52--68},
	Publisher = {Wiley Online Library},
	Title = {Vertex and edge expansion properties for rapid mixing},
	Volume = {26},
	Year = {2005}}

@article{morris2005,
	Author = {Morris, Ben and Peres, Yuval},
	Journal = {Probability Theory and Related Fields},
	Number = {2},
	Pages = {245--266},
	Publisher = {Springer},
	Title = {Evolving sets, mixing and heat kernel bounds},
	Volume = {133},
	Year = {2005}}

@article{benjamini2003,
	Author = {Benjamini, Itai and Mossel, Elchanan},
	Day = {01},
	Issn = {1432-2064},
	Journal = {Probability Theory and Related Fields},
	Month = {Mar},
	Number = {3},
	Pages = {408--420},
	Title = {On the mixing time of a simple random walk on the super critical percolation cluster},
	Volume = {125},
	Year = {2003}}

@article{kannan04,
	Acmid = {990313},
	Address = {New York, NY, USA},
	Author = {Kannan, Ravi and Vempala, Santosh and Vetta, Adrian},
	Issue_Date = {May 2004},
	Journal = {Journal of the ACM (JACM)},
	Keywords = {Clustering, graph algorithms, spectral methods},
	Month = may,
	Number = {3},
	Numpages = {19},
	Pages = {497--515},
	Publisher = {ACM},
	Title = {On Clusterings: Good, Bad and Spectral},
	Volume = {51},
	Year = {2004}}

@article{garciatrillos18,
	Author = {Garc{\'\i}a Trillos, Nicol{\'a}s and Dejan Slep{\v{c}}ev},
	Journal = {Applied and Computational Harmonic Analysis},
	Number = {2},
	Pages = {239-281},
	Title = {A variational approach to the consistency of spectral clustering},
	Volume = {45},
	Year = {2018}}

@inproceedings{balakrishnan2013,
	Address = {USA},
	Author = {Balakrishnan, Sivaraman and Narayanan, Srivatsan and Rinaldo, Alessandro and Singh, Aarti and Wasserman, Larry},
	Booktitle = {Advances in Neural Information Processing Systems 26},
	Location = {Lake Tahoe, Nevada},
	Numpages = {9},
	Pages = {2679--2687},
	Publisher = {Curran Associates, Inc.},
	Title = {Cluster Trees on Manifolds},
	Year = {2013}}

@article{yang2015,
	Author = {Yang, Jaewon and Leskovec, Jure},
	Day = {01},
	Journal = {Knowledge and Information Systems},
	Month = {Jan},
	Number = {1},
	Pages = {181-213},
	Title = {Defining and evaluating network communities based on ground-truth},
	Volume = {42},
	Year = {2015}}

@article{fortunato2010,
	Author = {Santo Fortunato},
	Journal = {Physics Reports},
	Number = {3},
	Pages = {75-174},
	Title = {Community detection in graphs},
	Volume = {486},
	Year = {2010}}

@article{garciatrillos16,
	Author = {Garc{\'\i}a Trillos, Nicol{\'a}s and Slep{\v{c}}ev, Dejan and Von Brecht, James and Laurent, Thomas and Bresson, Xavier},
	Journal = {Journal of Machine Learning Research},
	Number = {1},
	Numpages = {46},
	Pages = {6268--6313},
	Title = {Consistency of Cheeger and Ratio Graph Cuts},
	Volume = {17},
	Year = {2016}}

@article{arias-castro12,
	Author = {Arias-Castro Ery and Pelletier, Bruno and Pudlo, Pierre},
	Journal = {Advances in Applied Probability},
	Month = {12},
	Number = {4},
	Pages = {907--937},
	Publisher = {Applied Probability Trust},
	Title = {The normalized graph cut and Cheeger constant: from discrete to continuous},
	Volume = {44},
	Year = {2012}}

@article{maier11,
	Author = {Markus Maier and Ulrike von Luxburg and Matthias Hein},
	Journal = {CoRR},
	Title = {How the result of graph clustering methods depends on the construction of the graph},
	Volume = {abs/1102.2075},
	Year = {2011}}

@article{jerrum89,
	Author = {Jerrum, Mark and Sinclair, Alistair},
	Journal = {SIAM journal on computing},
	Number = {6},
	Pages = {1149--1178},
	Publisher = {SIAM},
	Title = {Approximating the permanent},
	Volume = {18},
	Year = {1989}}

@inproceedings{abbasi17,
	Author = {Abbasi-Yadkori, Yasin and Bartlett, Peter and Gabillon, Victor and Malek, Alan},
	Booktitle = {Artificial Intelligence and Statistics},
	Pages = {888--895},
	Title = {Hit-and-Run for Sampling and Planning in Non-Convex Spaces},
	Year = {2017}}

@article{alberti1998non,
	Author = {Alberti, Giovanni and Bellettini, Giovanni},
	Journal = {European Journal of Applied Mathematics},
	Number = {3},
	Pages = {261--284},
	Publisher = {Cambridge University Press},
	Title = {A non-local anisotropic model for phase transitions: asymptotic behaviour of rescaled energies},
	Volume = {9},
	Year = {1998}}

@phdthesis{montenegro2002,
	Author = {Montenegro, Ravi},
	School = {Yale University},
	Title = {Faster mixing by isoperimetric inequalities},
	Year = {2002}}

@inproceedings{lovasz1990,
	Author = {Lov{\'a}sz, L{\'a}szl{\'o} and Simonovits, Mikl{\'o}s},
	Booktitle = {Proceedings of the 31st annual symposium on foundations of computer science (FOCS)},
	Organization = {IEEE},
	Pages = {346--354},
	Title = {The mixing rate of Markov chains, an isoperimetric inequality, and computing the volume},
	Year = {1990}}

@inproceedings{guattery1995,
	Author = {Guattery, Stephen and Miller, Gary L},
	Booktitle = {SODA},
	Pages = {233--242},
	Title = {On the performance of spectral graph partitioning methods},
	Volume = {95},
	Year = {1995}}

@inproceedings{hein2010,
	Author = {Hein, Matthias and B{\"u}hler, Thomas},
	Booktitle = {Advances in Neural Information Processing Systems 23},
	Pages = {847--855},
	Title = {An inverse power method for nonlinear eigenproblems with applications in 1-spectral clustering and sparse PCA},
	Year = {2010}}

@inproceedings{szlam2010,
	Author = {Szlam, Arthur and Bresson, Xavier},
	Booktitle = {Proceedings of the 27th International Conference on International Conference on Machine Learning},
	Numpages = {8},
	Pages = {1039--1046},
	Series = {ICML'10},
	Title = {Total Variation and Cheeger Cuts},
	Year = {2010}}

@inproceedings{chandrasekaran2010,
	Author = {Chandrasekaran, Karthekeyan and Dadush, Daniel and Vempala, Santosh},
	Booktitle = {SODA},
	Pages = {1630--1645},
	Title = {Thin Partitions: Isoperimetric Inequalities and a Sampling Algorithm for Star Shaped Bodies},
	Year = {2010}}

@book{korostelev1993,
	Author = {Korostelev, Aleksandr P. and Tsybakov, Alexandre B.},
	Publisher = {Springer},
	Title = {Minimax theory of image reconstruction},
	Year = {1993}}

@article{polonik1995,
	Author = {Polonik, Wolfgang},
	Fjournal = {The Annals of Statistics},
	Journal = {Ann. Statist.},
	Number = {3},
	Pages = {855--881},
	Title = {Measuring mass concentrations and estimating density contour clusters-an excess mass approach},
	Volume = {23},
	Year = {1995}}

@article{rigollet2009,
	Author = {Rigollet, Philippe and Vert, R{\'e}gis},
	Journal = {Bernoulli},
	Number = {4},
	Pages = {1154--1178},
	Title = {Optimal rates for plug-in estimators of density level sets},
	Volume = {15},
	Year = {2009}}

@article{tsybakov1997,
	Author = {Tsybakov, Alexandre B},
	Fjournal = {The Annals of Statistics},
	Journal = {Ann. Statist.},
	Number = {3},
	Pages = {948--969},
	Title = {On nonparametric estimation of density level sets},
	Volume = {25},
	Year = {1997}}

@article{rosasco10,
	Author = {Rosasco, Lorenzo and Belkin, Mikhail and Vito, Ernesto De},
	Journal = {Journal of Machine Learning Research},
	Number = {Feb},
	Pages = {905--934},
	Title = {On learning with integral operators},
	Volume = {11},
	Year = {2010}}

@inproceedings{belkin07,
	Author = {Belkin, Mikhail and Niyogi, Partha},
	Booktitle = {Advances in Neural Information Processing Systems},
	Title = {Convergence of {Laplacian} eigenmaps},
	Volume = {20},
	Year = {2007}}

@article{kannan97,
	Author = {Kannan, Ravi and Lov{\'a}sz, L{\'a}szl{\'o} and Simonovits, Mikl{\'o}s},
	Journal = {Random Structures \& Algorithms},
	Number = {1},
	Pages = {1--50},
	Title = {Random walks and an o*(n5) volume algorithm for convex bodies},
	Volume = {11},
	Year = {1997}}

@article{kannan06,
	Author = {Kannan, Ravi and Lov{\'a}sz, L{\'a}szl{\'o} and Montenegro, Ravi},
	Journal = {Combinatorics, Probability and Computing},
	Number = {4},
	Pages = {541--570},
	Title = {Blocking conductance and mixing in random walks},
	Volume = {15},
	Year = {2006}}

@article{shi00,
	Author = {Shi, Jianbo and Malik, Jitendra},
	Journal = {IEEE Transactions on Pattern Analysis and Machine Intelligence},
	Number = {8},
	Title = {Normalized Cuts and Image Segmentation},
	Volume = {22},
	Year = {2000}}

@article{garciatrillos19,
	Author = {Garc{\'\i}a Trillos, Nicol{\'a}s and Hoffmann, Franca and Hosseini, Bamdad},
	Journal = {arXiv preprint arXiv:1901.10651},
	Title = {Geometric structure of graph Laplacian embeddings},
	Year = {2019}}

@article{clauset08,
	Author = {Clauset, Aaron and Moore, Cristopher and Newman, MEJ},
	Journal = {Nature},
	Number = {7191},
	Pages = {98--102},
	Title = {Hierarchical structure and the prediction of missing links in networks},
	Volume = {453},
	Year = {2008}}

@article{li2018,
	Author = {Li, Tianxi and Lei, Lihua and Bhattacharyya, Sharmodeep and Sarkar, Purnamrita and Bickel, Peter J and Levina, Elizaveta},
	Journal = {arXiv preprint arXiv:1810.01509},
	Title = {Hierarchical community detection by recursive partitioning},
	Year = {2018}}

@inproceedings{kpotufe11,
	Author = {Kpotufe, Samory and von Luxburg, Ulrike},
	Booktitle = {Proceedings of the 28th International Conference on International Conference on Machine Learning},
	Numpages = {8},
	Pages = {225--232},
	Series = {ICML'11},
	Title = {Pruning Nearest Neighbor Cluster Trees},
	Year = {2011}}

@article{ariascastro11,
	Author = {Arias-Castro, Ery},
	Journal = {Information Theory, IEEE Transactions on},
	Month = {04},
	Pages = {1692 - 1706},
	Title = {Clustering Based on Pairwise Distances When the Data is of Mixed Dimensions},
	Volume = {57},
	Year = {2011}}

@book{tsybakov08,
	Author = {Tsybakov, Alexandre B.},
	Publisher = {Springer},
	Title = {Introduction to Nonparametric Estimation},
	Year = {2008}}

@article{penrose99,
	Author = {Penrose, Mathew D.},
	Issue_Date = {Sept.1999},
	Journal = {Random Struct. Algorithms},
	Month = {9},
	Number = {2},
	Numpages = {20},
	Pages = {145--164},
	Title = {On K-connectivity for a Geometric Random Graph},
	Volume = {15},
	Year = {1999}}

@article{zhou11,
	Author = {Zhou, Xueyuan and Belkin, Mikhail},
	Journal = {Journal of Machine Learning Research - Proceedings Track},
	Month = {01},
	Pages = {892-900},
	Title = {Semi-supervised Learning by Higher Order Regularization.},
	Volume = {15},
	Year = {2011}}

@article{slepcev17,
	Author = {Dejan Slep{\v{c}}ev and Matthew Thorpe},
	Journal = {SIAM Journal on Mathematical Analysis},
	Pages = {2085-2120},
	Title = {Analysis of \$p\$-Laplacian Regularization in Semi-Supervised Learning},
	Volume = {51},
	Year = {2017}}

@inproceedings{alaoui16,
	Author = {El Alaoui, Ahmed and Cheng, Xiang and Ramdas, Aaditya and Wainwright, Martin J and Jordan, Michael I},
	Booktitle = {Conference on Learning Theory},
	Pages = {879--906},
	Title = {Asymptotic behavior of$\backslash$ell\_p-based laplacian regularization in semi-supervised learning},
	Year = {2016}}

@inproceedings{nadler09,
	Author = {Nadler, Boaz and Srebro, Nathan and Zhou, Xueyuan},
	Booktitle = {Neural Information Processing Systems},
	Title = {Semi-supervised Learning with the Graph {Laplacian}: The Limit of Infinite Unlabelled Data},
	Volume = {19},
	Year = {2009}}

@article{mroueh17,
	Author = {Mroueh, Youssef and Li, Chun-Liang and Sercu, Tom and Raj, Anant and Cheng, Yu},
	Journal = {arXiv preprint arXiv:1711.04894},
	Title = {Sobolev GAN},
	Year = {2017}}

@inproceedings{arbel18,
	Author = {Arbel, Michael and Sutherland, Dougal J. and Gretton, Arthur},
	Booktitle = {Proceedings of the 32Nd International Conference on Neural Information Processing Systems},
	Numpages = {11},
	Pages = {6701--6711},
	Series = {NIPS'18},
	Title = {On Gradient Regularizers for MMD GANs},
	Year = {2018}}

@inproceedings{sadhanala16,
	Author = {Sadhanala, Veeranjaneyulu and Wang, Yu-Xiang and Tibshirani, Ryan J},
	Booktitle = {Advances in Neural Information Processing Systems},
	Title = {Total variation classes beyond 1d: Minimax rates, and the limitations of linear smoothers},
	Volume = {29},
	Year = {2016}}

@book{evans15,
	Author = {Evans, Lawrence Craig and Gariepy, Ronald F},
	Publisher = {Chapman and Hall/CRC},
	Title = {Measure theory and fine properties of functions},
	Year = {2015}}

@book{gine16,
	Author = {Gin{\'e}, Evarist and Nickl, Richard},
	Publisher = {Cambridge University Press},
	Title = {Mathematical foundations of infinite-dimensional statistical models},
	Volume = {40},
	Year = {2016}}

@article{lepski1999,
	Author = {Lepski, Oleg V. and Spokoiny, Vladimir G.},
	Fjournal = {Bernoulli},
	Journal = {Bernoulli},
	Month = {04},
	Number = {2},
	Pages = {333--358},
	Title = {Minimax nonparametric hypothesis testing: the case of an inhomogeneous alternative},
	Volume = {5},
	Year = {1999}}

@article{ingster00,
	Author = {Ingster, Yuri I. and Suslina, Irena A.},
	Journal = {ESAIM: Mathematical Modelling and Numerical Analysis},
	Pages = {53--135},
	Title = {Minimax nonparametric hypothesis testing for ellipsoids and {Besov} bodies},
	Volume = {4},
	Year = {2000}}

@article{lepski2015,
	Author = {Lepski, Oleg},
	Fjournal = {The Annals of Statistics},
	Journal = {Ann. Statist.},
	Month = {06},
	Number = {3},
	Pages = {1178--1242},
	Title = {Adaptive estimation over anisotropic functional classes via oracle approach},
	Volume = {43},
	Year = {2015}}

@article{kerkyacharian08,
	Author = {Kerkyacharian, Gerard and Lepski, Oleg and Picard, Dominique},
	Journal = {Siam Journal on Theory of Probability and its Applications},
	Month = {03},
	Pages = {58-77},
	Title = {Nonlinear estimation in anisotropic multi-index denoising. Sparse Case.},
	Volume = {52},
	Year = {2008}}

@article{delyon96,
	Author = {Delyon, Bernard and Juditsky, Anatoli},
	Journal = {Applied and Computational Harmonic Analysis},
	Number = {3},
	Pages = {215--228},
	Title = {On minimax wavelet estimators},
	Volume = {3},
	Year = {1996}}

@article{ruiz18,
	Author = {Ruiz, Miguel del {\'A}lamo and Li, Housen and Munk, Axel},
	Journal = {arXiv preprint arXiv:1807.02038},
	Title = {Frame-constrained Total Variation Regularization for White Noise Regression},
	Year = {2018}}

@inproceedings{sadhanala17,
	Author = {Sadhanala, Veeranjaneyulu and Wang, Yu-Xiang and Sharpnack, James L and Tibshirani, Ryan J},
	Booktitle = {Advances in Neural Information Processing Systems},
	Title = {Higher-order total variation classes on grids: Minimax theory and trend filtering methods},
	Volume = {30},
	Year = {2017}}

@article{janssen2000,
	Author = {Janssen, Arnold},
	Fjournal = {The Annals of Statistics},
	Journal = {Ann. Statist.},
	Month = {02},
	Number = {1},
	Pages = {239--253},
	Title = {Global power functions of goodness of fit tests},
	Volume = {28},
	Year = {2000}}

@article{batson13,
	Author = {Batson, Joshua and Spielman, Daniel and Srivastava, Nikhil and Teng, Shang-Hua},
	Journal = {Communications of the ACM},
	Month = {08},
	Pages = {87-94},
	Title = {Spectral Sparsification of Graphs: Theory and Algorithms},
	Volume = {56},
	Year = {2013}}

@inproceedings{cohen14,
	Author = {Cohen, Michael B. and Kyng, Rasmus and Miller, Gary L. and Pachocki, Jakub W. and Peng, Richard and Rao, Anup B. and Xu, Shen Chen},
	Booktitle = {Proceedings of the Forty-sixth Annual ACM Symposium on Theory of Computing},
	Numpages = {10},
	Pages = {343--352},
	Series = {STOC '14},
	Title = {Solving SDD Linear Systems in Nearly Mlog1/2N Time},
	Year = {2014}}

@inproceedings{sadhanala16b,
	Author = {Veeru Sadhanala and Yu-Xiang Wang and Ryan Tibshirani},
	Booktitle = {Proceedings of the 19th International Conference on Artificial Intelligence and Statistics},
	Pages = {1250--1259},
	Title = {Graph Sparsification Approaches for Laplacian Smoothing},
	Volume = {51},
	Year = {2016}}

@article{gretton12,
	Author = {Gretton, Arthur and Borgwardt, Karsten M. and Rasch, Malte J. and Sch\"{o}lkopf, Bernhard and Smola, Alexander},
	Issue_Date = {3/1/2012},
	Journal = {Journal of Machine Learning Research},
	Month = mar,
	Numpages = {51},
	Pages = {723--773},
	Title = {A Kernel Two-sample Test},
	Volume = {13},
	Year = {2012}}

@inproceedings{sadhanala19,
	Author = {Sadhanala, Veeranjaneyulu and Wang, Yu-Xiang and Ramdas, Aaditya and Tibshirani, Ryan J.},
	Booktitle = {Proceedings of Machine Learning Research},
	Editor = {Chaudhuri, Kamalika and Sugiyama, Masashi},
	Month = {16--18 Apr},
	Pages = {2621--2630},
	Series = {Proceedings of Machine Learning Research},
	Title = {A Higher-Order Kolmogorov-Smirnov Test},
	Volume = {89},
	Year = {2019}}

@book{evans10,
	Author = {Evans, Lawrence C.},
	Publisher = {American Mathematical Society},
	Title = {Partial Differential Equations},
	Year = {2010}}

@article{ingster82,
	Author = {Yuri I. Ingster},
	Journal = {Problems in Information Transmission},
	Pages = {130--140},
	Title = {Minimax nonparametric detection of signals in white {Gaussian} noise},
	Volume = {18},
	Year = {1982}}

@article{ingster05,
	Author = {Yuri I. Ingster and Irena A. Suslina},
	Journal = {Mathematical Methods in Statistics},
	Pages = {299--331},
	Title = {On estimation and detection of smooth function of many variables},
	Volume = {14},
	Year = {2005}}

@article{guerre02,
	Author = {Guerre, Emmanuel and Lavergne, Pascal},
	Journal = {Econometric Theory},
	Number = {5},
	Pages = {1139--1171},
	Title = {Optimal minimax rates for nonparametric specification testing in regression models},
	Volume = {18},
	Year = {2002}}

@article{ingster87,
	Author = {Ingster, Yuri I.},
	Journal = {Theory of Probability \& Its Applications},
	Number = {2},
	Pages = {333--337},
	Title = {Minimax Testing of Nonparametric Hypotheses on a Distribution Density in the {$L_p$} Metrics},
	Volume = {31},
	Year = {1987}}

@article{ingster2000,
	Author = {Ingster, Yuri I.},
	Journal = {Journal of Mathematical Sciences},
	Number = {2},
	Pages = {1110--1119},
	Title = {Adaptive chi-square tests},
	Volume = {99},
	Year = {2000}}

@article{reiss08,
	Author = {Rei{\ss}, Markus},
	Fjournal = {The Annals of Statistics},
	Journal = {Ann. Statist.},
	Month = {08},
	Number = {4},
	Pages = {1957--1982},
	Publisher = {The Institute of Mathematical Statistics},
	Title = {Asymptotic equivalence for nonparametric regression with multivariate and random design},
	Volume = {36},
	Year = {2008}}

@article{nussbaum96,
	Author = {Nussbaum, Michael},
	Fjournal = {The Annals of Statistics},
	Journal = {Ann. Statist.},
	Month = {12},
	Number = {6},
	Pages = {2399--2430},
	Publisher = {The Institute of Mathematical Statistics},
	Title = {Asymptotic equivalence of density estimation and Gaussian white noise},
	Volume = {24},
	Year = {1996}}

@article{brown96,
	Author = {Brown, Lawrence D. and Low, Mark G.},
	Fjournal = {The Annals of Statistics},
	Journal = {Ann. Statist.},
	Month = {12},
	Number = {6},
	Pages = {2384--2398},
	Publisher = {The Institute of Mathematical Statistics},
	Title = {Asymptotic equivalence of nonparametric regression and white noise},
	Volume = {24},
	Year = {1996}}

@article{schilling86,
	Author = {Mark F. Schilling},
	Journal = {Journal of the American Statistical Association},
	Number = {395},
	Pages = {799--806},
	Publisher = {[American Statistical Association, Taylor & Francis, Ltd.]},
	Title = {Multivariate Two-Sample Tests Based on Nearest Neighbors},
	Volume = {81},
	Year = {1986}}

@article{bhattacharya15,
	Author = {Bhattacharya, Bhaswar B},
	Journal = {arXiv preprint arXiv:1512.00384},
	Title = {Two-Sample Tests Based on Geometric Graphs: Asymptotic Distribution and Detection Thresholds},
	Year = {2015}}

@article{muller97,
	Author = {Alfred M{\"u}ller},
	Journal = {Advances in Applied Probability},
	Number = {2},
	Pages = {429--443},
	Publisher = {Applied Probability Trust},
	Title = {Integral Probability Metrics and Their Generating Classes of Functions},
	Volume = {29},
	Year = {1997}}

@article{sriperumbudur09,
	Author = {Sriperumbudur, Bharath K and Fukumizu, Kenji and Gretton, Arthur and Sch{\"o}lkopf, Bernhard and Lanckriet, Gert RG},
	Journal = {arXiv preprint arXiv:0901.2698},
	Title = {On integral probability metrics,$\backslash$phi-divergences and binary classification},
	Year = {2009}}

@article{belkin05,
	Author = {Mikhail Belkin and Partha Niyogi},
	Journal = {Journal of Computer and System Sciences},
	Number = {8},
	Pages = {1289--1308},
	Title = {Towards a theoretical foundation for {Laplacian-based} manifold methods},
	Volume = {74},
	Year = {2008}}

@phdthesis{belkin03,
	Advisor = {Niyogi, Partha},
	Author = {Belkin, Mikhail},
	School = {University of Chicago},
	Title = {Problems of Learning on Manifolds},
	Year = {2003}}

@inbook{gine06,
	Address = {Beachwood, Ohio, USA},
	Author = {Gin{\'e}, Evarist and Koltchinskii, Vladimir},
	Booktitle = {High Dimensional Probability},
	Pages = {238--259},
	Publisher = {Institute of Mathematical Statistics},
	Series = {Lecture Notes--Monograph Series},
	Title = {Empirical graph Laplacian approximation of Laplace--Beltrami operators: Large sample results},
	Volume = {Number 51},
	Year = {2006}}

@article{singer06,
	Author = {A. Singer},
	Journal = {Applied and Computational Harmonic Analysis},
	Note = {Special Issue: Diffusion Maps and Wavelets},
	Number = {1},
	Pages = {128 - 134},
	Title = {From graph to manifold Laplacian: The convergence rate},
	Volume = {21},
	Year = {2006}}

@phdthesis{lafon04,
	Advisor = {Coifman, Ronald},
	Author = {Lafon, Stephane},
	Publisher = {Yale University},
	Title = {Diffusion Maps and Geometric Harmonics},
	Year = {2004}}

@inproceedings{hein05,
	Author = {Hein, Matthias and Audibert, Jean-Yves and von Luxburg, Ulrike},
	Booktitle = {Learning Theory},
	Editor = {Auer, Peter and Meir, Ron},
	Pages = {470--485},
	Title = {From Graphs to Manifolds -- Weak and Strong Pointwise Consistency of Graph Laplacians},
	Year = {2005}}

@inproceedings{bousquet03,
	Author = {Bousquet, Olivier and Olivier Chapelle and Hein, Matthias},
	Booktitle = {Advances in Neural Information Processing Systems},
	Title = {Measure Based Regularization},
	Volume = {16},
	Year = {2004}}

@article{butler06,
	Author = {Butler, Steve and Chung, Fan},
	Journal = {Handbook of linear algebra},
	Pages = {47},
	Publisher = {Florida: CRC Press},
	Title = {Spectral graph theory},
	Year = {2006}}

@book{chung97,
	Author = {Chung, Fan RK and Graham, Fan Chung},
	Publisher = {American Mathematical Soc.},
	Title = {Spectral graph theory},
	Year = {1997}}

@inproceedings{hein06,
	Author = {Hein, Matthias},
	Booktitle = {Proceedings of the 19th Annual Conference on Learning Theory},
	Numpages = {15},
	Pages = {50--64},
	Series = {COLT'06},
	Title = {Uniform Convergence of Adaptive Graph-based Regularization},
	Year = {2006}}

@article{belkin03a,
	Author = {Belkin, Mikhail and Niyogi, Partha},
	Journal = {Neural Computation},
	Number = {6},
	Pages = {1373--1396},
	Title = {Laplacian Eigenmaps for Dimensionality Reduction and Data Representation},
	Volume = {15},
	Year = {2003}}

@inproceedings{ng01,
	Author = {Ng, Andrew Y. and Jordan, Michael I. and Weiss, Yair},
	Booktitle = {Proceedings of the 14th International Conference on Neural Information Processing Systems: Natural and Synthetic},
	Numpages = {8},
	Pages = {849--856},
	Series = {NIPS'01},
	Title = {On Spectral Clustering: Analysis and an Algorithm},
	Year = {2001}}

@inproceedings{buhler09,
	Author = {B\"{u}hler, Thomas and Hein, Matthias},
	Booktitle = {Proceedings of the 26th Annual International Conference on Machine Learning},
	Numpages = {8},
	Pages = {81--88},
	Publisher = {ACM},
	Series = {ICML '09},
	Title = {Spectral Clustering Based on the Graph p-Laplacian},
	Year = {2009}}

@book{green93,
	Author = {Green, Peter J. and Silverman, Bernard W.},
	Publisher = {Chapman \& Hall/CRC Press},
	Title = {Nonparametric Regression and Generalized Linear Models: A Roughness Penalty Approach},
	Year = {1993}}

@book{wahba90,
	Author = {Wahba, Grace},
	Publisher = {Siam},
	Title = {Spline models for observational data},
	Volume = {59},
	Year = {1990}}

@article{laurent00,
	Author = {Laurent, Beatrice and Massart, Pascal},
	Journal = {Annals of Statistics},
	Pages = {1302--1338},
	Publisher = {JSTOR},
	Title = {Adaptive estimation of a quadratic functional by model selection},
	Year = {2000}}

@article{dunlop2020,
	Author = {Dunlop, Matthew M and Slep{\v{c}}ev, Dejan and Stuart, Andrew M and Thorpe, Matthew},
	Journal = {Applied and Computational Harmonic Analysis},
	Number = {2},
	Pages = {655--697},
	Title = {Large data and zero noise limits of graph-based semi-supervised learning algorithms},
	Volume = {49},
	Year = {2020}}

@article{wang2016,
	Author = {Wang, Yu-Xiang and Sharpnack, James and Smola, Alexander J. and Tibshirani, Ryan J.},
	Journal = {Journal of Machine Learning Research},
	Number = {1},
	Pages = {3651--3691},
	Title = {Trend filtering on graphs},
	Volume = {17},
	Year = {2016}}

@article{kirichenko2017,
	Author = {Kirichenko, Alisa and van Zanten, Harry},
	Journal = {Electronic Journal of Statistics},
	Number = {1},
	Pages = {891--915},
	Title = {Estimating a smooth function on a large graph by {Bayesian Laplacian} regularisation},
	Volume = {11},
	Year = {2017}}

@article{kirichenko2018,
	Author = {Kirichenko, Alisa and van Zanten, Harry and others},
	Journal = {Electronic Journal of Statistics},
	Number = {1},
	Pages = {651--666},
	Title = {Minimax lower bounds for function estimation on graphs},
	Volume = {12},
	Year = {2018}}

@inproceedings{sharpnack2010identifying,
	Author = {James Sharpnack and Aarti Singh},
	Booktitle = {Advances in Neural Information Processing Systems},
	Title = {Identifying graph-structured activation patterns in networks},
	Volume = {23},
	Year = {2010}}

@inproceedings{sharpnack2013,
	Author = {Sharpnack, James and Singh, Aarti and Krishnamurthy, Akshay},
	Booktitle = {International Conference on Artificial Intelligence and Statistics},
	Title = {Detecting activations over graphs using spanning tree wavelet bases},
	Volume = {16},
	Year = {2013}}

@article{sharpnack2015,
	Author = {Sharpnack, James and Rinaldo, Alessandro and Singh, Aarti},
	Journal = {IEEE Transactions on Signal Processing},
	Number = {2},
	Pages = {364--379},
	Title = {Detecting anomalous activity on networks with the graph {Fourier} scan statistic},
	Volume = {64},
	Year = {2015}}

@inproceedings{sharpnack2013b,
	Author = {Sharpnack, James and Krishnamurthy, Akshay and Singh, Aarti},
	Booktitle = {Advances in Neural Information Processing Systems},
	Title = {Near-optimal anomaly detection in graphs using {Lovasz} extended scan statistic},
	Volume = {26},
	Year = {2013}}

@article{trillos2020,
	Author = {Garc{\'\i}a Trillos, Nicol{\'a}s and Murray, Ryan W.},
	Journal = {SIAM Journal on Mathematics of Data Science},
	Number = {3},
	Pages = {705--739},
	Title = {A Maximum Principle Argument for the Uniform Convergence of Graph {Laplacian} Regressors},
	Volume = {2},
	Year = {2020}}

@article{niyogi2013,
	Author = {Niyogi, Partha},
	Journal = {Journal of Machine Learning Research},
	Number = {1},
	Pages = {1229--1250},
	Title = {Manifold regularization and semi-supervised learning: Some theoretical analyses},
	Volume = {14},
	Year = {2013}}

@article{belkin2006,
	Author = {Belkin, Mikhail and Niyogi, Partha and Sindhwani, Vikas},
	Journal = {Journal of Machine Learning Research},
	Pages = {2399--2434},
	Title = {Manifold regularization: A geometric framework for learning from labeled and unlabeled examples},
	Volume = {7},
	Year = {2006}}

@inproceedings{kondor2002,
	Author = {Kondor, Risi and Lafferty, John},
	Booktitle = {International Conference on Machine Learning},
	Title = {Diffusion kernels on graphs and other discrete structures},
	Volume = {19},
	Year = {2002}}

@inproceedings{zhu2003semisupervised,
	Author = {Zhu, Xiaojin and Ghahramani, Zoubin and Lafferty, John},
	Booktitle = {International Conference on Machine Learning},
	Title = {Semi-supervised learning using {Gaussian} fields and harmonic functions},
	Volume = {20},
	Year = {2003}}

@inproceedings{zhou2005learning,
	Author = {Dengyong Zhou and Jiayuan Huang and Bernhard Scholkopf},
	Booktitle = {International Conference on Machine Learning},
	Title = {Learning from Labeled and Unlabeled Data on a Directed Graph},
	Volume = {22},
	Year = {2005}}

@article{calder2019b,
	Author = {Calder, Jeff and Slep{\v{c}}ev, Dejan},
	Journal = {Applied Mathematics \& Optimization},
	Pages = {1--49},
	Title = {Properly-weighted graph Laplacian for semi-supervised learning},
	Year = {2019}}

@article{lee2016,
	Author = {Lee, Ann B. and Izbicki, Rafael and others},
	Journal = {Electronic Journal of Statistics},
	Number = {1},
	Pages = {423--463},
	Title = {A spectral series approach to high-dimensional nonparametric regression},
	Volume = {10},
	Year = {2016}}

@article{vishnoi2012,
	Author = {Vishnoi, Nisheeth K.},
	Journal = {Foundations and Trends in Theoretical Computer Science},
	Number = {1-2},
	Pages = {1--141},
	Title = {Laplacian solvers and their algorithmic applications},
	Volume = {8},
	Year = {2012}}

@book{leoni2017,
	Author = {Leoni, Giovanni},
	Publisher = {American Mathematical Society},
	Title = {A first Course in Sobolev Spaces},
	Year = {2017}}

@book{ingster2012,
	Author = {Ingster, Yuri I. and Suslina, Irina A.},
	Publisher = {Springer Science \& Business Media},
	Title = {Nonparametric goodness-of-fit testing under {Gaussian} models},
	Year = {2012}}

@article{hoeffding1952,
	Author = {Hoeffding, Wassily},
	Journal = {Annals of Mathematical Statistics},
	Number = {2},
	Pages = {169--192},
	Title = {The large-sample power of tests based on permutations of observations},
	Volume = {23},
	Year = {1952}}

@book{wasserman2006,
	Author = {Wasserman, Larry},
	Publisher = {Springer},
	Title = {All of Nonparametric Statistics},
	Year = {2006}}

@book{gyorfi2006,
	Author = {Gy{\"o}rfi, L{\'a}szl{\'o} and Kohler, Michael and Krzyzak, Adam and Walk, Harro},
	Publisher = {Springer},
	Title = {A Distribution-Free Theory of Nonparametric Regression},
	Year = {2006}}

@book{wainwright2019,
	Author = {Wainwright, Martin J},
	Publisher = {Cambridge University Press},
	Title = {High-Dimensional Dtatistics: A Non-Asymptotic Biewpoint},
	Year = {2019}}

@article{johnstone2011,
	Author = {Johnstone, Iain M.},
	Journal = {Unpublished manuscript},
	Title = {Gaussian Estimation: Sequence and Wavelet Models},
	Year = {2011}}

@article{federer1959,
	Author = {Federer, Herbert},
	Journal = {Transactions of the American Mathematical Society},
	Number = {3},
	Pages = {418--491},
	Publisher = {JSTOR},
	Title = {Curvature measures},
	Volume = {93},
	Year = {1959}}

@article{trillos2015,
	Author = {Garc{\'\i}a Trillos, Nicol{\'a}s and Slep{\v{c}}ev, Dejan},
	Journal = {Canadian Journal of Mathematics},
	Number = {6},
	Pages = {1358--1383},
	Publisher = {Cambridge University Press},
	Title = {On the rate of convergence of empirical measures in infinity-transportation distance},
	Volume = {67},
	Year = {2015}}

@inproceedings{zhou2011,
  title={Error analysis of Laplacian eigenmaps for semi-supervised learning},
  author={Zhou, Xueyuan and Srebro, Nathan},
  booktitle={Proceedings of the Fourteenth International Conference on Artificial Intelligence and Statistics},
  pages={901--908},
  year={2011},
  organization={JMLR Workshop and Conference Proceedings}
},

@InProceedings{belkin2012,
  title = 	 {Toward Understanding Complex Spaces: Graph Laplacians on Manifolds with Singularities and Boundaries},
  author = 	 {Mikhail Belkin and Qichao Que and Yusu Wang and Xueyuan Zhou},
  booktitle = 	 {Proceedings of the 25th Annual Conference on Learning Theory},
  pages = 	 {36.1--36.26},
  year = 	 {2012},
  editor = 	 {Shie Mannor and Nathan Srebro and Robert C. Williamson},
  volume = 	 {23},
  series = 	 {Proceedings of Machine Learning Research},
  address = 	 {Edinburgh, Scotland},
  month = 	 {25--27 Jun},
  publisher =    {JMLR Workshop and Conference Proceedings},
},

@article{birge2008,
  title={Model selection for density estimation with L2-loss},
  author={Birg{\'e}, Lucien},
  journal={arXiv preprint arXiv:0808.1416},
  year={2008}
},

@book{aubin2012,
  title={Nonlinear analysis on manifolds. Monge-Ampere equations},
  author={Aubin, Thierry},
  volume={252},
  year={2012},
  publisher={Springer Science \& Business Media}
},

@article{shi2015,
  title={Convergence of Laplacian spectra from random samples},
  author={Shi, Zuoqiang},
  journal={arXiv preprint arXiv:1507.00151},
  year={2015}
},

@article{singer2017,
  title={Spectral convergence of the connection laplacian from random samples},
  author={Singer, Amit and Wu, Hau-Tieng},
  journal={Information and Inference: A Journal of the IMA},
  volume={6},
  number={1},
  pages={58--123},
  year={2017},
  publisher={Oxford University Press}
},

@article{cheng2021,
  title={Eigen-convergence of Gaussian kernelized graph Laplacian by manifold heat interpolation},
  author={Cheng, Xiuyuan and Wu, Nan},
  journal={arXiv preprint arXiv:2101.09875},
  year={2021}
},

@article{hendriks1990,
  title={Nonparametric estimation of a probability density on a Riemannian manifold using Fourier expansions},
  author={Hendriks, Harrie},
  journal={The Annals of Statistics},
  pages={832--849},
  year={1990},
  publisher={JSTOR}
},

@article{stone1980,
  title={Optimal rates of convergence for nonparametric estimators},
  author={Stone, Charles J},
  journal={The annals of Statistics},
  pages={1348--1360},
  year={1980},
  publisher={JSTOR}
},

@article{dunson2021,
  title={Spectral convergence of graph Laplacian and Heat kernel reconstruction in L-Infinity from random samples},
  author={Dunson, David B and Wu, Hau-Tieng and Wu, Nan},
  journal={Applied and Computational Harmonic Analysis},
  year={2021},
  publisher={Elsevier}
}
