@article{trillos2018,
  title={A variational approach to the consistency of spectral clustering},
  author={Trillos, Nicolas Garcia and Slep{\v{c}}ev, Dejan},
  journal={Applied and Computational Harmonic Analysis},
  volume={45},
  number={2},
  pages={239--281},
  year={2018},
  publisher={Elsevier}
}, 

@inproceedings{gretton2007,
  title={A kernel method for the two-sample-problem},
  author={Gretton, Arthur and Borgwardt, Karsten M and Rasch, Malte and Sch{\"o}lkopf, Bernhard and Smola, Alex J},
  booktitle={Advances in neural information processing systems},
  pages={513--520},
  year={2007}
},

@article{padilla2018,
  title={Adaptive Non-Parametric Regression With the $ K $-NN Fused Lasso},
  author={Padilla, Oscar Hernan Madrid and Sharpnack, James and Chen, Yanzhen and Witten, Daniela M},
  journal={arXiv preprint arXiv:1807.11641},
  year={2018}
},

@InProceedings{hutter2016,
  title = 	 {Optimal rates for total variation denoising},
  author = 	 {Jan-Christian HÃ¼tter and Philippe Rigollet},
  booktitle = 	 {29th Annual Conference on Learning Theory},
  pages = 	 {1115--1146},
  year = 	 {2016},
  editor = 	 {Vitaly Feldman and Alexander Rakhlin and Ohad Shamir},
  volume = 	 {49},
  series = 	 {Proceedings of Machine Learning Research},
  address = 	 {Columbia University, New York, New York, USA},
  month = 	 {23--26 Jun},
  publisher =  {PMLR},
  pdf = 	 {http://proceedings.mlr.press/v49/huetter16.pdf}
},

@article{ariascastro2018,
  title={Remember the curse of dimensionality: the case of goodness-of-fit testing in arbitrary dimension},
  author={Arias-Castro, Ery and Pelletier, Bruno and Saligrama, Venkatesh},
  journal={Journal of Nonparametric Statistics},
  volume={30},
  number={2},
  pages={448--471},
  year={2018},
  publisher={Taylor \& Francis}
},

@inproceedings{sadhanala2016,
  title={Total variation classes beyond 1d: Minimax rates, and the limitations of linear smoothers},
  author={Sadhanala, Veeranjaneyulu and Wang, Yu-Xiang and Tibshirani, Ryan J},
  booktitle={Advances in Neural Information Processing Systems},
  pages={3513--3521},
  year={2016}
},

@book{evans10,
  author = {Evans, Lawrence C.},
  publisher = {American Mathematical Society},
  title = {Partial differential equations},
  year = {2010}
}

